%%%%%%%%%%%%%%%%%%%%%%%%%%%%%%%%%%%%%%%%%%%%%%%%%%%%%%%
%%                Alphabetic Order by                %%
%%           Last Name of the First Author           %%
%%%%%%%%%%%%%%%%%%%%%%%%%%%%%%%%%%%%%%%%%%%%%%%%%%%%%%%

%%%%%%%%%%%%%%%
%%     A     %%
%%%%%%%%%%%%%%%

@article{aha1991,
  author    = {Aha, David W. and Kibler, Dennis and Albert, Marc K.},
  title     = {Instance-based learning algorithms},
  journal   = {Machine Learning},
  year      = {1991},
  month     = {Jan},
  day       = {01},
  volume    = {6},
  number    = {1},
  pages     = {37--66},
}

@book{alpaydin2004introduction,
  title     = {Introduction to Machine Learning},
  author    = {Ethem Alpaydin},
  publisher = {The MIT Press},
  year      = 2004,
  address   = {Cambridge, Massachusetts, London},
}

@article{atkeson1997lazy,
  title   = {Locally Weighted Learning},
  author  = {Atkeson, Christopher G. and Moore, Andrew W. and Schaau, Stefan},
  journal = {Artificial Intelligence Review},
  year    = {1997},
  number  = {1},
  pages   = {11-73},
  month   = {Feb},
  volume  = {11},
  publisher = {Springer Science+Business Media, B.V.},
  address   = {Van Godewijckstraat, Netherlands},
}

@book{au2017bayes,
  title     = {Operational Modal Analysis: Modeling, Bayesian Inference, Uncertainty Laws},
  author    = {Au, Siu-Kui},
  publisher = {Springer Nature Singapore Pte Ltd.},
  year      = {2017},
  address   = {Gateway East, Singapore},
}

%%%%%%%%%%%%%%%
%%     B     %%
%%%%%%%%%%%%%%%

@article{bhattacharya2012knnvalue,
  title     = {An affinity-based new local distance function and similarity measure for kNN algorithm},
  author    = {Gautam Bhattacharya and Koushik Ghosh and Ananda S. Chowdhury},
  journal   = {Pattern Recognition Letters},
  volume    = {33},
  number    = {3},
  pages     = {356 - 363},
  year      = {2012},
  issn      = {0167-8655},
}

@inproceedings{blum1998cotraining,
 booktitle  = {Proceedings of the Eleventh Annual Conference on Computational Learning Theory},
 title      = {Combining Labeled and Unlabeled Data with Co-training},
 author     = {Blum, Avrim and Mitchell, Tom},
 series     = {COLT' 98},
 location   = {Madison, Wisconsin, USA},
 pages      = {92--100},
 numpages   = {9},
 publisher  = {ACM},
 address    = {New York, NY, USA},
 year       = {1998},
}

@incollection{bouchachia2012semi,
  booktitle     = {Machine Learning},
  booksubtitle  = {Concepts, Methodologies, Tools and Applications},
  title         = {Learning with Partional Supervision},
  author        = {Bouchachia, Abdelhamid},
  pages         = {1880--1888},
  publisher     = {Information Science Reference},
  address       = {Hershey PA 17033},
  year          = {2012},
  volume        = {3}
}

@article{braga2004cross,
  title     = {Is cross-validation valid for small-sample microarray classification?},
  author    = {Braga-Neto, Ulisses M and Dougherty, Edward R},
  journal   = {Bioinformatics},
  volume    = {20},
  number    = {3},
  pages     = {374--380},
  year      = {2004},
  publisher = {Oxford University Press}
}

@book{breiman1984tree,
  title     = {Classification and Regression Trees},
  author    = {Breiman, Leo and Friedman, Jerome and Olshen, Richard A. and Stone, Charles J.},
  publisher = {CHAPMAN \& HALL/CRC},
  year      = {1984},
  address   = {New York},
}

%%%%%%%%%%%%%%%
%%     C     %%
%%%%%%%%%%%%%%%

@book{chapelle2006semi,
  title     = {Semi-Supervised Learning},
  author    = {Chapelle, Oliver and Sch\"{O}lkopf, Bernhard and Zien, Alexander},
  publisher = {The MIT Press},
  year      = {2006},
  address   = {Cambridge, Massachusetts, London},
}

@inproceedings{cohen1995ripper,
  booktitle     = {Machine Learning},
  booksubtitle  = {Proceedings of the Twelfth International Conference on Machine Learning},
  title         = {Fast Effective Rule Induction},
  author        = {Cohen, William W.},
  series        = {ML95},
  address       = {Tahoe City, California, USA},
  pages         = {115--123},
  year          = {1995},
  publisher     = {Morgan Kaufmann Publishers},
}

%%%%%%%%%%%%%%%
%%     D     %%
%%%%%%%%%%%%%%%

@inproceedings{dietterich2000ensemble,
  booktitle = {Proceedings of the First International Workshop on Multiple Classifier Systems},
  title     = {Ensemble Methods in Machine Learning},
  author    = {Dietterich, Thomas G},
  series    = {MCS '00},
  pages     = {1--15},
  year      = {2000},
  publisher = {Springer-Verlag},
  address = {London, UK, UK},
}

@article{dimitoglou2012naive,
  title     = {Comparison of the C4.5 and a Na\"ive Bayes Classifier for the Prediction of Lung Cancer Survivability},
  author    = {Dimitoglou, George and Adams, James A and Jim, Carol M},
  journal   = {Journal of Computing},
  volume    = {4},
  number    = {8},
  year      = {2012}
}

%%%%%%%%%%%%%%%
%%     F     %%
%%%%%%%%%%%%%%%

@article{fushiki2011cross,
  title     = {Estimation of prediction error by using K-fold   cross-validation},
  author    = {Fushiki, Tadayoshi},
  journal   = {Statistics and Computing},
  year      = {2011},
  volume    = {21},
  number    = {2},
  pages     = {137{--}146},
}

%%%%%%%%%%%%%%%
%%     G     %%
%%%%%%%%%%%%%%%

@book{garcia2015data,
  title={Data preprocessing in data mining},
  author={Garc\'{I}a, Salvador and Luengo, Juli√°n and Herrera, Francisco},
  year={2015},
  address={Cham},
  publisher={Springer}
}

@book{gollapudi2016practical,
  author    = {Sunila Gollapudi},
  title     = {Pratical Machine Learning},
  publisher = {Packt Publishing Ltd.},
  year      = 2016,
  address   = {Livery Place},
  isbn      = {9781784399689}
}

@inproceedings{grandvalet2005semi,
 booktitle  = {Proceedings of the 17th International Conference on Neural Information Processing Systems},
 title      = {Semi-supervised Learning by Entropy Minimization},
 author     = {Grandvalet, Yves and Bengio, Yoshua},
 series     = {NIPS'04},
 year       = {2004},
 location   = {Vancouver, British Columbia, Canada},
 pages      = {529--536},
 numpages   = {8},
 publisher  = {MIT Press},
 address    = {Cambridge, MA, USA},
} 

%%%%%%%%%%%%%%%
%%     H     %%
%%%%%%%%%%%%%%%

@incollection{hady2013semi,
  booktitle = {Handbook on Neural Information Processing},
  title     = {Semi-supervised learning},
  author    = {Hady, Mohamed Farouk Abdel and Schwenker, Friedhelm},
  pages     = {215--239},
  publisher = {Springer},
  address   = {Berlin Heidelberg},
  year      = {2013},
  isbn      = {978-3-642-36657-4}
}

%%%%%%%%%%%%%%%
%%     K     %%
%%%%%%%%%%%%%%%

@book{kantardzic2011data,
  title     = {Data Mining},
  subtitle  = {Concepts, Models, Methods, and Algorithms},
  author    = {Kantardzic, Mehmed},
  address   = {Hoboken},
  year      = {2011},
  publisher = {John Wiley \& Sons}
}

@article{kohavi1995study,
  title         = {A study of cross-validation and bootstrap for accuracy estimation and model selection},
  author        = {Kohavi, Ron and others},
  journal       = {International Joint Conference on Artificial Intelligence},
  volume        = {14},
  number        = {2},
  pages         = {1137--1145},
  year          = {1995},
}

%%%%%%%%%%%%%%%
%%     M     %%
%%%%%%%%%%%%%%%

@article{marr2016,
  title         = {A Short History of Machine Learning -- Every Manager Should Read}, 
  author        = {Marr, Bernard},
  journal       = {Forbes}, 
  publisher     = {Forbes Magazine},
  month         = {16 de Fevereiro},
  url           = {https://www.forbes.com/sites/bernardmarr/2016/02/19/a-short-history-of-machine-learning-every-manager-should-read/#68ae11e815e7},
  urlaccessdate = {20 de Fevereiro de 2018},
  year          = {2016}
}

@book{mitchell1997machine,
  title     = {Machine Learning},
  author    = {Mitchell, Tom M},
  publisher = {McGraw-Hill},
  year      = {1997},
  address   = {Boston, Massachusetts, London},
  isbn      = {0-07-042807-7}
}

@book{mohri2012foundations,
  title     = {Foundations of Machine Learning},
  author    = {Mohri, Mehryar and Rostamizadeh, Afshin and Talwalkar, Ameet},
  publisher = {MIT Press},
  year      = 2012,
  address   = {Cambridge, Massachusetts, London},
  isbn      = {9780262018258}
}

@article{mulak2015analysis,
  title     = {Analysis of Distance Measures Using K-Nearest Neighbor Algorithm on KDD Dataset},
  author    = {Mulak, Punam and Talhar, Nitin},
  journal   = {International Journal of Science and Research},
  volume    = {4},
  number    = {7},
  pages     = {2101--2104},
  year      = {2015}
}

@book{murphy2012probabilistic,
  title     = {Machine Learning},
  subtitle  = {A Probabilistic Perspective},
  author    = {Murphy, Kevin P.},
  publisher = {The MIT Press},
  year      = {2012},
  address   = {Cambridge, Massachusetts, London},
  isbn      = {978-0-262-01802-9}
}

%%%%%%%%%%%%%%%
%%     N     %%
%%%%%%%%%%%%%%%

@article{norheim1986friedman,
  title     = {Friedman and {Q}uade tests},
  subtitle  = {BASIC computer program to perform nonparametric two-way analysis of variance and multiple comparisons on ranks of several related samples},
  author    = {Elvar Theodorsson-Norheim},
  journal   = {Computers in Biology and Medicine},
  volume    = {17},
  number    = {2},
  pages     = {85--99},
  year      = {1987}
}

%%%%%%%%%%%%%%%
%%     Q     %%
%%%%%%%%%%%%%%%

@article{quinlan1986induction,
  title     = {Induction of Decision Trees},
  author    = {Quinlan, J. Ross},
  journal   = {Machine Learning},
  month     = {Mar},
  volume    = {1},
  number    = {1},
  pages     = {81--106},
  year      = {1986},
  publisher = {Kluwer Academic Publishers},
}

%%%%%%%%%%%%%%%
%%     R     %%
%%%%%%%%%%%%%%%

@article{rajput2011j48,
  title     = {J48 and JRIP rules for e-governance data},
  author    = {Rajput, Anil and Aharwal, Ramesh Prasad and Dubey, Meghna and Saxena, SP and Raghuvanshi, Manmohan},
  journal   = {International Journal of Computer Science and Security (IJCSS)},
  volume    = {5},
  number    = {2},
  pages     = {201--207},
  year      = {2011}
}

@article{rodrigues2013selftraining,
  title     = {Using confidence values in multi-label classification problems with semi-supervised learning},
  author    = {Felipe M. Rodrigues and Araken M. Santos and Anne M. P. Canuto},
  journal   = {International Joint Conference on Neural Networks},
  pages     = {1 -- 8},
  year      = {2013},
}

@article{rodrigues2014selftraining,
  title     = {Confidence Factor and Feature Selection for Semi-supervised Multi-label Classification Methods},
  author    = {Felipe M. Rodrigues and Anne M. P. Canuto and Araken M. Santos},
  journal   = {International Joint Conference on Neural Networks},
  pages     = {864 -- 871},
  year      = {2014},
}

@book{russell2009artificial,
  title     = {Artificial Intelligence: A Modern Approach},
  author    = {Russell, Stuart Jonathan and Norvig, Peter},
  publisher = {Prentice Hall},
  year      = {2009},
  edition   = {3},
  address   = {Englewood Cliffs, New Jersey},
  isbn      = {978-0136042594}
}

%%%%%%%%%%%%%%%
%%     T     %%
%%%%%%%%%%%%%%%

@article{tanha2017semi,
  title     = {Semi-supervised self-training for decision tree classifiers},
  author    = {Tanha, Jafar and van Someren, Maarten and Afsarmanesh, Hamideh},
  journal   = {International Journal of Machine Learning and Cybernetics},
  volume    = {8},
  number    = {1},
  pages     = {355--370},
  year      = {2017},
  publisher = {Springer}
}

@article{tao2018selftraining,
  title     = {Improving semi-supervised self-training with embedded manifold transduction},
  author    = {Ye Tao and Duzhou Zhang and Shengjun Cheng and Xianglong Tang},
  journal   = {Transactions of the Institute of Measurement and Control},
  volume    = {40},
  number    = {2},
  pages     = {363-374},
  year      = {2018},
}

@techreport{therneau2000tree,
  author    = {Therneau, T. M. and Atkinson E.J.},
  title     = {An introduction to recursive partitioning using the RPART routines},
  address   = {Section of Statistics, Mayo Clinic},
  number    = {61},
  URL       = {http://www.cs.uu.nl/docs/vakken/adm/rpartmini.pdf},
  month     = {2},
  year      = {2000}
}

@article{torgo2013package,
  title     = {Package 'DMwR'},
  author    = {Torgo, Luis},
  journal   = {Comprehensive R Archive Network},
  year      = {2013}
}

@article{turing1950turingtest,
  title     = {I. {--} COMPUTING MACHINERY AND INTELLIGENCE},
  author    = {Turing, A. M.},
  journal   = {Mind},
  volume    = {LIX},
  number    = {236},
  pages     = {433-460},
  year      = {1950},
  URL       = {http://dx.doi.org/10.1093/mind/LIX.236.433},
}

%%%%%%%%%%%%%%%
%%     V     %%
%%%%%%%%%%%%%%%

@article{vale2018selftraining,
  title     = {Automatic Adjustment of Confidence Values in Self-training Semi-supervised Method},
  author    = {Karliane M. Ovidio Vale and Anne Mag\'{A}ly de P. Canuto and Araken de Medeiros Santos and Flavius da Luz e Gorg\^{O}nio and Alan de M. Tavares and Arthur C. Gorg\^{O}nio and Cainan T. Alves},
  journal   = {International Joint Conference on Neural Networks},
  year      = {2018},
}

@incollection{vert2004kernel,
  booktitle = {Kernel Methods in Computational Biology},
  title     = {A Primer on Kernel Methods},
  author    = {Vert, Jean-Philippe and Tsuda, Koji and Sch\"{O}lkopf, Bernhard},
  pages     = {35--70},
  year      = {2004},
  publisher = {The MIT Press},
  address   = {Cambridge, Massachusetts, London}
}

%%%%%%%%%%%%%%%
%%     W     %%
%%%%%%%%%%%%%%%

@book{wiley2016deeplearning,
  author    = {Joshua F. Wiley},
  title     = {R Deep Learning Essentials},
  publisher = {Packt Publishing Ltd.},
  year      = 2016,
  address   = {Livery Place},
  isbn      = {978-1-78528-058-0}
}

@article{wong2015cross,
  title   = {Performance evaluation of classification algorithms by k-fold and leave-one-out cross validation},
  author  = {Tzu-Tsung Wong},
  journal = {Pattern Recognition},
  volume  = {48},
  number  = {9},
  pages   = {2839 - 2846},
  year    = {2015},
}

%%%%%%%%%%%%%%%
%%     Z     %%
%%%%%%%%%%%%%%%

@book{zellner1996bayes,
  title     = {An Introduction to Bayesian Inference in Econometrics},
  author    = {Arnold Zellner},
  publisher = {Wiley-Interscience},
  address   = {New York},
  year      = {1996},
  isbn      = {0-471-98165-6}
}

@techreport{zhu2008survey,
  author    = {Xiaojin Zhu},
  title     = {Semi-Supervised Learning Literature Survey},
  address   = {Computer Sciences, University of Wisconsin-Madison},
  number    = {1530},
  URL       = {pages.cs.wisc.edu/\~jerryzhu/pub/ssl_survey.pdf},
  month     = {7},
  year      = {2008}
}

@book{zhu2009introduction,
  title     = {Introduction to semi-supervised learning},
  author    = {Zhu, Xiaojin and Goldberg, Andrew B},
  journal   = {Synthesis lectures on artificial intelligence and machine learning},
  address   = {San Rafael, California},
  edition   = {3},
  year      = {2009},
  publisher = {Morgan \& Claypool Publishers},
  isbn      = {9781598295481}
}